@WEBSITE{Wiki:EsotericPL,
	title = {Ezoteryczny jÄ™zyk programowania},
	journal = {Wikipedia},
	note = {\url{https://pl.wikipedia.org/wiki/Ezoteryczny_j%C4%99zyk_programowania}, otwarto 22.06.2022}
}
@WEBSITE{IEEESpectrum:popularLang2021,
	author = {Stephen Cass},
	title = {Top Programming Languages 2021},
	journal = {IEEE Spectrum},
	year = {2021},
	note = {\url{https://spectrum.ieee.org/top-programming-languages-2021}, otwarto 22.06.2022}
}
@article{morr2015esoteric,
  title={Esoteric Programming Languages},
  author={Morr, Sebastian},
  year={2015}
}

@article{esolangWiki:Prehistory,
	title = {Prehistory of esoteric programming languages},
	year = {2021},
	note = {\url{https://esolangs.org/wiki/Prehistory_of_esoteric_programming_languages}, otwarto 23.06.2022}
}

@article{esolangWiki:esolangs,
	title = {Esoteric programming language},
	year = {2022},
	note = {\url{https://esolangs.org/wiki/Esoteric_programming_language#External_resources}, otwarto 25.06.2022}
}

@ARTICLE{IEEEXplore:TuringCompletnessCivilization,  
	author={De Wynter, Adrian},  
	journal={IEEE Transactions on Games},   
	title={Turing {Completeness} and {Sid} {Meier's} {Civilization}},   
	year={2022},  
	volume={},  
	number={},  
	pages={1-1},  
	doi={10.1109/TG.2022.3166874}
}

@article{perlisAlan:epigrams,
  author          = {Alan J. Perlis},
  journal         = {ACM SIGPLAN Notices},
  number          = {},
  title           = {Epigrams on programming},
  volume          = {17(9)},
  year            = {1982}
}


@ARTICLE{Figueredo:2009dg,
	author = {Figueredo, A.~J. and Wolf, P. S.~A.},
	title = {Assortative pairing and life history strategy - a cross-cultural study.},
	journal = {Human Nature},
	volume = {20},
	pages = {317-330},
	year = {2009}
}

@BOOK{Smith:2012qr,
	title = {{B}ook {T}itle},
	publisher = {Publisher},
	author = {Smith, J.~M. and Jones, A.~B.},
	year = {2012},
	edition = {7th},
}